<marc:record xmlns:marc="http://www.loc.gov/MARC21/slim" xmlns:xsi="http://www.w3.org/2001/XMLSchema-instance" xsi:schemaLocation="http://www.loc.gov/MARC21/slim http://www.loc.gov/standards/marcxml/schema/MARC21slim.xsd">
  <marc:leader>     cam a2200253 a 45M</marc:leader>
  <marc:controlfield tag="001">002070661</marc:controlfield>
  <marc:controlfield tag="003">NNU</marc:controlfield>
  <marc:controlfield tag="005">20061010172208.0</marc:controlfield>
  <marc:controlfield tag="008">910402r19851892ir            000 0 arard</marc:controlfield>
  <marc:datafield tag="035" ind1="9" ind2=" ">
    <marc:subfield code="a">NYUb11025002</marc:subfield>
  </marc:datafield>
  <marc:datafield tag="035" ind1=" " ind2=" ">
    <marc:subfield code="a">(CStRLIN)NYUG91-B18220</marc:subfield>
  </marc:datafield>
  <marc:datafield tag="066" ind1=" " ind2=" ">
    <marc:subfield code="c">(3</marc:subfield>
    <marc:subfield code="c">(4</marc:subfield>
  </marc:datafield>
  <marc:datafield tag="090" ind1=" " ind2=" ">
    <marc:subfield code="a">PJ6161</marc:subfield>
    <marc:subfield code="b">.T3533 1985</marc:subfield>
  </marc:datafield>
  <marc:datafield tag="100" ind1="1" ind2=" ">
    <marc:subfield code="6">01</marc:subfield>
    <marc:subfield code="a">Ibn al-Fannārī, Ḥasan Chalabī ibn Muḥammad Shāh,</marc:subfield>
    <marc:subfield code="d">1436-1481.</marc:subfield>
  </marc:datafield>
  <marc:datafield tag="100" ind1="0" ind2=" ">
    <marc:subfield code="6">01</marc:subfield>
    <marc:subfield code="a">حسن ال�لبى.</marc:subfield>
  </marc:datafield>
  <marc:datafield tag="245" ind1="1" ind2="0">
    <marc:subfield code="6">02</marc:subfield>
    <marc:subfield code="a">Ḥāshiyat al-Muṭawwal /</marc:subfield>
    <marc:subfield code="c">Ḥasan al-Chalabī.</marc:subfield>
  </marc:datafield>
  <marc:datafield tag="245" ind1="1" ind2="0">
    <marc:subfield code="6">02</marc:subfield>
    <marc:subfield code="a">حاشية المطول /</marc:subfield>
    <marc:subfield code="c">تأليف حسن ال�لبى.</marc:subfield>
  </marc:datafield>
  <marc:datafield tag="260" ind1=" " ind2=" ">
    <marc:subfield code="6">03</marc:subfield>
    <marc:subfield code="a">Qum :</marc:subfield>
    <marc:subfield code="b">Manshūrāt al-Sharīf al-Raḍī,</marc:subfield>
    <marc:subfield code="c">1406 [1985 or 1986]</marc:subfield>
  </marc:datafield>
  <marc:datafield tag="260" ind1=" " ind2=" ">
    <marc:subfield code="6">03</marc:subfield>
    <marc:subfield code="a">قم :</marc:subfield>
    <marc:subfield code="b">منشورات الشريف الرضي،</marc:subfield>
    <marc:subfield code="c">١٤٠٦.</marc:subfield>
  </marc:datafield>
  <marc:datafield tag="300" ind1=" " ind2=" ">
    <marc:subfield code="a">586, 8 p. ;</marc:subfield>
    <marc:subfield code="c">24 cm.</marc:subfield>
  </marc:datafield>
  <marc:datafield tag="500" ind1=" " ind2=" ">
    <marc:subfield code="a">Originally published: [Istanbul] : Maṭbaʻat Sharikat al-Ṣiḥāfīyah al-ʻUthmānīyah, 1309 [1892]</marc:subfield>
  </marc:datafield>
  <marc:datafield tag="600" ind1="1" ind2="0">
    <marc:subfield code="a">Taftāzānī, Masʻūd ibn ʻUmar,</marc:subfield>
    <marc:subfield code="d">1322-1389?</marc:subfield>
    <marc:subfield code="t">Muṭawwal.</marc:subfield>
  </marc:datafield>
  <marc:datafield tag="650" ind1=" " ind2="0">
    <marc:subfield code="a">Arabic language</marc:subfield>
    <marc:subfield code="x">Rhetoric</marc:subfield>
    <marc:subfield code="v">Early works to 1800.</marc:subfield>
  </marc:datafield>
  <marc:datafield tag="700" ind1="1" ind2="2">
    <marc:subfield code="a">Taftāzānī, Masʻūd ibn ʻUmar,</marc:subfield>
    <marc:subfield code="d">1322-1389?</marc:subfield>
    <marc:subfield code="t">Muṭawwal.</marc:subfield>
    <marc:subfield code="f">1985.</marc:subfield>
  </marc:datafield>
  <marc:datafield tag="998" ind1=" " ind2=" ">
    <marc:subfield code="a">19930521</marc:subfield>
    <marc:subfield code="d">19910402</marc:subfield>
    <marc:subfield code="d">20010121</marc:subfield>
    <marc:subfield code="n">NNU</marc:subfield>
    <marc:subfield code="s">1</marc:subfield>
    <marc:subfield code="t">c</marc:subfield>
    <marc:subfield code="z">p</marc:subfield>
  </marc:datafield>
</marc:record>
